@Article{ER89,
  Title                    = {{Polar lows as Arctic hurricanes}},
  Author                   = {Emanuel, K. A. and Rotunno, R.},
  Journaltitle             = {Tellus},
  Year                     = {1989},
  Pages                    = {1--17},
  Volume                   = {41A},

  Publisher                = {Elsevier}
}